@incollection{sproat1991,
author = {Sproat, Richard and Shih, Chilin},
booktitle = {Interdisciplinary approaches to language},
file = {:Users/titlis/cogsci/papers{\_}misc/SproatShih1991.pdf:pdf},
pages = {565--593},
publisher = {Springer Netherlands},
title = {{The cross-linguistic distribution of adjective ordering restrictions}},
year = {1991}
}
@book{bloomfield1933,
address = {New York},
author = {Bloomfield, Leonard},
publisher = {Holt},
title = {{Language}},
year = {1933}
}
